@inproceedings{park2009fast,
  title={Fast rendering of large crowds using GPU},
  author={Park, Hunki and Han, JungHyun},
  booktitle={Entertainment Computing-ICEC 2008: 7th International Conference, Pittsburgh, PA, USA, September 25-27, 2008. Proceedings 7},
  pages={197--202},
  year={2009},
  organization={Springer}
}

@article{riccio2013introducing,
  title={Introducing the programmable vertex pulling rendering pipeline},
  author={Riccio, Christophe and Lilley, Sean},
  journal={GPU Pro},
  volume={4},
  pages={21--37},
  year={2013}
}

@article{barta2011order,
  title={Order independent transparency with per-pixel linked lists},
  author={Barta, P{\'a}l and Kov{\'a}cs, Bal{\'a}zs and Szecsi, Supervised L{\'a}szl{\'o} and Szirmay-kalos, L{\'a}szl{\'o}},
  journal={Budapest University of Technology and Economics},
  volume={3},
  year={2011},
  publisher={Citeseer}
}

@article{mcguire2013weighted,
  title={Weighted blended order-independent transparency},
  author={McGuire, Morgan and Bavoil, Louis},
  journal={Journal of Computer Graphics Techniques},
  volume={2},
  number={4},
  year={2013}
}

@inproceedings{hable2010uncharted,
  title={Uncharted 2: HDR lighting},
  author={Hable, John},
  booktitle={Game Developers Conference},
  pages={56},
  year={2010}
}

@article{lottes2009fast,
  title={Fast approximate anti-aliasing (FXAA)},
  author={Lottes, Timothy},
  journal={NVIDIA Corporation, Santa Clara, CA, USA, Feb},
  year={2009}
}

@inproceedings{kajiya1986rendering,
  title={The rendering equation},
  author={Kajiya, James T},
  booktitle={Proceedings of the 13th annual conference on Computer graphics and interactive techniques},
  pages={143--150},
  year={1986}
}

@article{cook1982reflectance,
  title={A reflectance model for computer graphics},
  author={Cook, Robert L and Torrance, Kenneth E.},
  journal={ACM Transactions on Graphics (ToG)},
  volume={1},
  number={1},
  pages={7--24},
  year={1982},
  publisher={ACM New York, NY, USA}
}

@inproceedings{walter2007microfacet,
  title={Microfacet models for refraction through rough surfaces},
  author={Walter, Bruce and Marschner, Stephen R and Li, Hongsong and Torrance, Kenneth E},
  booktitle={Proceedings of the 18th Eurographics conference on Rendering Techniques},
  pages={195--206},
  year={2007}
}

@article{carucci2005inside,
  title={Inside geometry instancing},
  author={Carucci, Francesco},
  journal={GPU Gems},
  volume={2},
  pages={47--67},
  year={2005},
  publisher={Addison Wesley}
}

@inproceedings{greene1993hierarchical,
  title={Hierarchical Z-buffer visibility},
  author={Greene, Ned and Kass, Michael and Miller, Gavin},
  booktitle={Proceedings of the 20th annual conference on Computer graphics and interactive techniques},
  pages={231--238},
  year={1993}
}

@article{dillereal,
  title={Real-time tone mapping},
  author={Dille, Sebastian and Fuhrmann, Arnulph and Fischer, Gregor}
}

@article{assarsson2000optimized,
  title={Optimized view frustum culling algorithms for bounding boxes},
  author={Assarsson, Ulf and Moller, Tomas},
  journal={Journal of graphics tools},
  volume={5},
  number={1},
  pages={9--22},
  year={2000},
  publisher={Taylor \& Francis}
}

@inproceedings{williams1978casting,
  title={Casting curved shadows on curved surfaces},
  author={Williams, Lance},
  booktitle={Proceedings of the 5th annual conference on Computer graphics and interactive techniques},
  pages={270--274},
  year={1978}
}

@incollection{fernando2005percentage,
  title={Percentage-closer soft shadows},
  author={Fernando, Randima},
  booktitle={ACM SIGGRAPH 2005 Sketches},
  pages={35--es},
  year={2005}
}

@book{pharr2016physically,
  title={Physically based rendering: From theory to implementation},
  author={Pharr, Matt and Jakob, Wenzel and Humphreys, Greg},
  year={2016},
  publisher={Morgan Kaufmann}
}